\bibitem{cmake}
@online{cmake,
    author = {Kitware, Inc. and Contributors},
    title = {CMake Reference Documentation},
    year = 2021,
    url = {https://cmake.org/cmake/help/latest/index.html},
    urldate = {2021-09-30}
}

\bibitem{cmake-ext-proj}
@online{cmake-ext-proj,
    author = {Kitwadre, Inc. and Contributors},
    title = {ExternalProject},
    year = 2021,
    url = {https://cmake.org/cmake/help/latest/module/ExternalProject.html},
    urldate = {2021-09-30}
}

\bibitem{erb}
@online{erb,
    author = {James Britt},
    title = {{Ruby-Doc.org: Documenting the Ruby Language.} ERB â€“ Ruby Templating},
    year = 2021,
    url = {https://ruby-doc.org/stdlib-2.7.1/libdoc/erb/rdoc/ERB.html},
    urldate = {2021-09-30}
}

\bibitem{gcc}
@online{gcc,
    author = {Free Software Foundation, Inc},
    title = {GCC, the GNU Compiler Collection - GNU Project},
    year = 2021,
    url = {https://gcc.gnu.org/},
    urldate = {2021-09-30}
}

\bibitem{llvm}
@online{llvm,
    author = {{LLVM Foundation}},
    title = {The LLVM Compiler Infrastructure Project},
    year = 2021,
    url = {https://llvm.org/},
    urldate = {2021-09-30}
}

\bibitem{make}
@online{make,
    author = {Free Software Foundation, Inc},
    title = {GNU make},
    year = 2023,
    url = {https://www.gnu.org/software/make/manual/make.html},
    urldate = {2023-05-30}
}

\bibitem{ninja}
@online{ninja,
    author = {Evan Martin},
    title = {Ninja},
    year = 2023,
    url = {https://ninja-build.org/},
    urldate = {2023-05-30}
}

\bibitem{art}
@online{art,
    author = {{Google LLC}},
    title = {Android Runtime (ART) and Dalvik},
    year = 2023,
    url = {https://source.android.com/docs/core/runtime},
    urldate = {2023-05-30}
}
\bibitem{dex2oat}
@online{dex2oat,
    author = {{Google LLC}},
    title = {Configuring ART},
    year = 2023,
    url = {https://source.android.com/docs/core/runtime/configure},
    urldate = {2023-05-30}
}

\bibitem{android}
@online{android,
    author = {{Google LLC}},
    title = {Android Open Source Project},
    year = 2023,
    url = {https://source.android.com/},
    urldate = {2023-05-30}
}
